@inproceedings{recasens2007anaphora,
  title={Where anaphora and coreference meet. Annotation in the Spanish CESS-ECE corpus},
  author={Recasens, Marta and Marti, M Antonia and Taul{\'e}, Mariona},
  booktitle={Proceedings of RANLP},
  year={2007},
  organization={Citeseer}
}
@inproceedings{recasens2010semeval,
  title={Semeval-2010 task 1: Coreference resolution in multiple languages},
  author={Recasens, Marta and M{\`a}rquez, Llu{\'\i}s and Sapena, Emili and Mart{\'\i}, M Ant{\`o}nia and Taul{\'e}, Mariona and Hoste, V{\'e}ronique and Poesio, Massimo and Versley, Yannick},
  booktitle={Proceedings of the 5th International Workshop on Semantic Evaluation},
  pages={1--8},
  year={2010},
  organization={Association for Computational Linguistics}
}
@article{mccarthy1995using,
  title={Using decision trees for coreference resolution},
  author={McCarthy, Joseph F and Lehnert, Wendy G},
  journal={arXiv preprint cmp-lg/9505043},
  year={1995}
}
@inproceedings{morton2000coreference,
  title={Coreference for NLP applications},
  author={Morton, Thomas S},
  booktitle={Proceedings of the 38th Annual Meeting on Association for Computational Linguistics},
  pages={173--180},
  year={2000},
  organization={Association for Computational Linguistics}
}
@article{steinberger2007two,
  title={Two uses of anaphora resolution in summarization},
  author={Steinberger, Josef and Poesio, Massimo and Kabadjov, Mijail A and Je{\v{z}}ek, Karel},
  journal={Information Processing \& Management},
  volume={43},
  number={6},
  pages={1663--1680},
  year={2007},
  publisher={Elsevier}
}
@inproceedings{evans2000improving,
  title={Improving anaphora resolution by identifying animate entities in texts},
  author={Evans, Richard and Orasan, Constantin},
  booktitle={Proceedings of the Discourse Anaphora and Reference Resolution Conference (DAARC2000)},
  pages={154--162},
  year={2000},
  organization={Citeseer}
}
@article{soon2001machine,
  title={A machine learning approach to coreference resolution of noun phrases},
  author={Soon, Wee Meng and Ng, Hwee Tou and Lim, Daniel Chung Yong},
  journal={Computational linguistics},
  volume={27},
  number={4},
  pages={521--544},
  year={2001},
  publisher={MIT Press}
}
@inproceedings{mitkov1998robust,
  title={Robust pronoun resolution with limited knowledge},
  author={Mitkov, Ruslan},
  booktitle={Proceedings of the 36th Annual Meeting of the Association for Computational Linguistics and 17th International Conference on Computational Linguistics-Volume 2},
  pages={869--875},
  year={1998},
  organization={Association for Computational Linguistics}
}